@misc{googletrends,
  title = "Chatbot term search frequency over the years",
  howpublished = "\url{https://trends.google.com/trends/explore?date=all&q=chatbot}",
  author = "Google Trends",
  note = "Accessed on 27/03/2019"
}

@misc{educationchatbots,
  title = "How Chatbots Can Benefit Higher Ed",
  howpublished = "\url{https://medium.com/@IvyAI/how-chatbots-can-benefit-higher-ed-5d12329a5da1}",
  author = {Ivy.ai},
  note = "Accessed on 27/03/2019"
}

@misc{chatbotbenefits,
  title = "Seven Benefits of Using Chatbots to Drive your Business Goals",
  howpublished = "\url{https://medium.com/botsupply/7-benefits-of-using-chatbots-to-drive-your-business-goals-5a3a5e809951}",
  author = {Grasia Hald},
  note = "Accessed on 04/04/2019"
}

@misc{elasticsearch,
  title = "Query {DSL}",
  author = "Elasticsearch",
  howpublished = "\url{https://www.elastic.co/guide/en/elasticsearch/reference/current/query-dsl.html}",
  note = "Accessed on 27/03/2019"
}

@misc{agilemanifesto,
  title = "Principles behind the {Agile} Manifesto",
  author = "The Agile Alliance",
  howpublished = "\url{https://agilemanifesto.org/principles.html}",
  note = "Accessed on 26/03/2019"
}

@misc{userstories:mgs,
  title = "User Stories",
  author = "Mountain Goat Software",
  howpublished = "\url{http://www.mountaingoatsoftware.com/agile/user-stories}",
  note = "Accessed on 28/03/2019"
}

@inbook{manmonth:Brooks,
 author = {Brooks,Jr., Frederick P.},
 title = {The  Mythical Man-Month},
 year = {1978},
 edition = {1st},
 publisher = {Addison-Wesley Longman Publishing Co., Inc.},
 chapter = {11},
} 

@book{cathedral:Raymond,
 author = {Raymond, Eric S.},
 title = {The Cathedral and the Bazaar},
 year = {1999},
 isbn = {1565927249},
 edition = {1st},
 publisher = {O'Reilly \& Associates, Inc.},
} 

@inbook{patterns:Fowler,
 author = {Fowler, Martin},
 title = {Patterns of Enterprise Application Architecture},
 year = {2002},
 pages = {331},
 isbn = {0321127420},
 publisher = {Addison-Wesley Longman Publishing Co., Inc.},
} 

@incollection{SLP:Jurafsky,
 author = {Jurafsky, Daniel and Martin, James H.},
 booktitle = {Speech and Language Processing: An Introduction to Natural Language Processing, Computational Linguistics, and Speech Recognition},
 title = {Dialog Systems and Chatbots},
 year = {2018},
 edition = {3rd},
 chapter = {24},
} 

@inproceedings{leadership:Farley,
 author = {Farley, Jane},
 title = {Leadership in agile projects -- what makes for success?},
 booktitle = {PMI® Global Congress 2005 Asia Pacific, Singapore},
 year = {2005},
}

@incollection{pairprog,
 author = {Cockburn, Alistair and Williams, Laurie},
 title = {The Costs and Benefits of Pair Programming},
 booktitle = {Extreme Programming Examined},
 year = {2001},
 pages = {223--243},
 url = {http://dl.acm.org/citation.cfm?id=377517.377531},
 publisher = {Addison-Wesley Longman Publishing Co., Inc.},
} 

@inproceedings{bdd:Goulart,
 author = {Goulart, Ana Elisa E.},
 title = {Using Behavioral Driven Development ({BDD}) in Capstone Design Projects},
 booktitle = {2014 ASEE Annual Conference \& Exposition},
 year = {2014},
}

@inproceedings{tdd:George,
 author = {George, Boby and Williams, Laurie},
 title = {An Initial Investigation of Test Driven Development in Industry},
 booktitle = {Proceedings of the 2003 ACM Symposium on Applied Computing},
 year = {2003},
 isbn = {1-58113-624-2},
 pages = {1135--1139},
 url = {http://doi.acm.org/10.1145/952532.952753},
 publisher = {ACM},
} 

@inproceedings{codereview:Google,
title	= {Modern Code Review: {a} Case Study at {Google}},
author	= {Caitlin Sadowski and Emma Söderberg and Luke Church and Michal Sipko and Alberto Bacchelli},
year	= {2018},
booktitle	= {International Conference on Software Engineering, Software Engineering in Practice track (ICSE SEIP)}
}

@inproceedings{agileestimationtechniques:Sliger,
title           = {Agile Estimation Techniques},
author          = {Sliger, Michele},
year            = {2012},
booktitle   = {PMI® Global Congress 2012 North America, Vancouver, British Columbia, Canada},
}

@misc{brandguidelines,
title ="University of {Glasgow} - Brand Guidelines",
howpublished = "\url{https://www.gla.ac.uk/myglasgow/staff/brandguidelines/}",
author = "University of Glasgow",
note = "Accessed on 31/03/2019"
}

@article{teamwork:Weimar,
  title={The Influence of Teamwork Quality on Software Team Performance},
  author={Emily Weimar and Ariadi Nugroho and Joost Visser and Aske Plaat and Martijn Goudbeek and Alexander P. Schouten},
  journal={CoRR},
  year={2013},
}

@book{modularity:Woude,
author = {van der Woude, Stefan},
title = {The effect of  modularity on software quality},
publisher = {University of Amsterdam},
year = {2018}
}

@article{modularity:MacCormarck,
author = {MacCormack, Alan and Rusnak, John and Baldwin, Carliss},
year = {2007},
title = {The Impact of Component Modularity on Design Evolution: Evidence from the Software Industry},
journal = {SSRN Electronic Journal},
}

@inproceedings{test:Parveen,
  title={A case study in test management},
  author={Tauhida Parveen and Scott R. Tilley and George Gonzalez},
  booktitle={ACM Southeast Regional Conference},
  year={2007}
}